%% LaTeX2e file `References.bib'
%% generated by the `filecontents' environment
%% from source `main' on 2022/08/20.
%%
    %vehicle model
    @article{doi:10.1080/00423119508969086,
        author = { Dirk E.   Smith  and  John M. Starkey},
        title = {Effects of Model Complexity on the Performance of Automated Vehicle Steering Controllers: Model Development, Validation and Comparison},
        journal = {Vehicle System Dynamics},
        volume = {24},
        number = {2},
        pages = {163-181},
        year  = {1995},
        publisher = {Taylor & Francis},
        doi = {10.1080/00423119508969086},
        URL = {https://doi.org/10.1080/00423119508969086},
        eprint = { https://doi.org/10.1080/00423119508969086}
    }
    @INPROCEEDINGS{7995816,
        author={Polack, Philip and Altché, Florent and d'Andréa-Novel, Brigitte and de La Fortelle, Arnaud},
        booktitle={2017 IEEE Intelligent Vehicles Symposium (IV)},
        title={The kinematic bicycle model: A consistent model for planning feasible trajectories for autonomous vehicles?},
        year={2017},
        volume={},
        number={},
        pages={812-818},
        doi={10.1109/IVS.2017.7995816}
    }
    @INPROCEEDINGS{9368694,
        author={Huang, Yaofu and Tian, Zengshan and Jiang, Qing and Xu, Junxing},
        booktitle={2020 IEEE 2nd International Conference on Civil Aviation Safety and Information Technology (ICCASIT},
        title={Path Tracking Based on Improved Pure Pursuit Model and PID},
        year={2020},
        volume={},
        number={},
        pages={359-364},
        doi={10.1109/ICCASIT50869.2020.9368694}
    }
    %ros
    @inproceedings{quigley2009ros,
        title={ROS: an open-source Robot Operating System},
        author={Quigley, Morgan and Conley, Ken and Gerkey, Brian and Faust, Josh and Foote, Tully and Leibs, Jeremy and Wheeler, Rob and Ng, Andrew Y and others},
        booktitle={ICRA workshop on open source software},
        volume={3},
        number={3.2},
        pages={5},
        year={2009},
        organization={Kobe, Japan}
    }
    %gazebo simulator
    @INPROCEEDINGS{1389727,
        author={Koenig, N. and Howard, A.},
        booktitle={2004 IEEE/RSJ International Conference on Intelligent Robots and Systems (IROS) (IEEE Cat. No.04CH37566)},
        title={Design and use paradigms for Gazebo, an open-source multi-robot simulator},
        year={2004},
        volume={3},
        number={},
        pages={2149-2154 vol.3},
        doi={10.1109/IROS.2004.1389727}
    }
    %carla sim
    @inproceedings{dosovitskiy2017carla,
        title={CARLA: An open urban driving simulator},
        author={Dosovitskiy, Alexey and Ros, German and Codevilla, Felipe and Lopez, Antonio and Koltun, Vladlen},
        booktitle={Conference on robot learning},
        pages={1--16},
        year={2017},
        organization={PMLR}
    }
    %pure pursuit
    @techreport{coulter1992implementation,
        title={Implementation of the pure pursuit path tracking algorithm},
        author={Coulter, R Craig},
        year={1992},
        institution={Carnegie-Mellon UNIV Pittsburgh PA Robotics INST}
    }
    @INPROCEEDINGS{7796574,
        author={Ohta, Hiroki and Akai, Naoki and Takeuchi, Eijiro and Kato, Shinpei and Edahiro, Masato},
        booktitle={2016 IEEE 4th International Conference on Cyber-Physical Systems, Networks, and Applications (CPSNA)},
        title={Pure Pursuit Revisited: Field Testing of Autonomous Vehicles in Urban Areas},
        year={2016},
        volume={},
        number={},
        pages={7-12},
        doi={10.1109/CPSNA.2016.10}
    }
    %clothoid 1
    @ARTICLE{6646277,
        author={Brezak, Mišel and Petrović, Ivan},
        journal={IEEE Transactions on Robotics},
        title={Real-time Approximation of Clothoids With Bounded Error for Path Planning Applications},
        year={2014},
        volume={30},
        number={2},
        pages={507-515},
        doi={10.1109/TRO.2013.2283928}
    }
    %ref in clothoid 1
    @inproceedings{kanayama1988smooth,
        title={Smooth Local Path Planning for Autonomous Vehicles (Part II. Cubic Spirals)},
        author={Kanayama, Y and Hartman, B},
        booktitle={Proc. Annual Conference of Robotics Society of Japan},
        pages={93--96},
        year={1988}
        }
        @article{delingette1991trajectory,
        title={Trajectory generation with curvature constraint based on energy minimization},
        author={Delingette, Herv{\'e} and Hebert, Martial and Ikeuchi, Katsushi},
        year={1991},
        publisher={Carnegie Mellon University}
    }
    @inproceedings{segovia1991comparative,
        title={Comparative study of the different methods of path generation for a mobile robot in a free environment},
        author={Segovia, A and Rombaut, M and Preciado, A and Meizel, D},
        booktitle={Fifth International Conference on Advanced Robotics' Robots in Unstructured Environments},
        pages={1667--1670},
        year={1991},
        organization={IEEE}
    }
    @inproceedings{lau2009kinodynamic,
        title={Kinodynamic motion planning for mobile robots using splines},
        author={Lau, Boris and Sprunk, Christoph and Burgard, Wolfram},
        booktitle={2009 IEEE/RSJ International Conference on Intelligent Robots and Systems},
        pages={2427--2433},
        year={2009},
        organization={IEEE}
    }
    @article{shanmugavel2010co,
        title={Co-operative path planning of multiple UAVs using Dubins paths with clothoid arcs},
        author={Shanmugavel, Madhavan and Tsourdos, Antonios and White, Brian and {\.Z}bikowski, Rafa{\l}},
        journal={Control engineering practice},
        volume={18},
        number={9},
        pages={1084--1092},
        year={2010},
        publisher={Elsevier}
    }
    @ARTICLE{388788,
        author={Fleury, S. and Soueres, P. and Laumond, J.-P. and Chatila, R.},
        journal={IEEE Transactions on Robotics and Automation},
        title={Primitives for smoothing mobile robot trajectories},
        year={1995},
        volume={11},
        number={3},
        pages={441-448},
        doi={10.1109/70.388788}
    }
    @article{BOISSONNAT1999613,
        title = {Shortest plane paths with bounded derivative of the curvature},
        journal = {Comptes Rendus de l'Académie des Sciences - Series I - Mathematics},
        volume = {329},
        number = {7},
        pages = {613-618},
        year = {1999},
        issn = {0764-4442},
        doi = {https://doi.org/10.1016/S0764-4442(00)80011-7},
        url = {https://www.sciencedirect.com/science/article/pii/S0764444200800117},
        author = {Jean-Daniel Boissonnat and André Cérézo and Elena V. Degtiariova-Kostova and Vladimir P. Kostov and Juliette Leblond},
    }
    @ARTICLE{1362698,
        author={Fraichard, T. and Scheuer, A.},
        journal={IEEE Transactions on Robotics},
        title={From Reeds and Shepp's to continuous-curvature paths},
        year={2004},
        volume={20},
        number={6},
        pages={1025-1035},
        doi={10.1109/TRO.2004.833789}
    }
    @phdthesis{meidenbauer2007investigation,
        title={An investigation of the clothoid steering model for autonomous vehicles},
        author={Meidenbauer, Kennneth Richard},
        year={2007},
        school={Virginia Tech}
    }
    @article{urmson2008autonomous,
        title={Autonomous driving in urban environments: Boss and the urban challenge},
        author={Urmson, Chris and Anhalt, Joshua and Bagnell, Drew and Baker, Christopher and Bittner, Robert and Clark, MN and Dolan, John and Duggins, Dave and Galatali, Tugrul and Geyer, Chris and others},
        journal={Journal of field Robotics},
        volume={25},
        number={8},
        pages={425--466},
        year={2008},
        publisher={Wiley Online Library}
    }
    % clothoid 2
    @INPROCEEDINGS{7942658,
        author={Atmosudiro, Agus and Verl, Alexander and Lechler, Armin and Schwarz, Gerwin},
        booktitle={2017 3rd International Conference on Control, Automation and Robotics (ICCAR)},
        title={A Clothoid based real-time interpolation concept for path smoothing},
        year={2017},
        volume={},
        number={},
        pages={41-46},
        doi={10.1109/ICCAR.2017.7942658}
    }
    @ARTICLE{7962257,
        author={Chen, Yong and Cai, Yiyu and Zheng, Jianmin and Thalmann, Daniel},
        journal={IEEE Transactions on Robotics},
        title={Accurate and Efficient Approximation of Clothoids Using Bézier Curves for Path Planning},
        year={2017},
        volume={33},
        number={5},
        pages={1242-1247},
        doi={10.1109/TRO.2017.2699670}
    }
    @article{nutbourne1972curvature,
        title={Curvature profiles for plane curves},
        author={Nutbourne, AW and McLellan, PM and Kensit, RML},
        journal={Computer-aided design},
        volume={4},
        number={4},
        pages={176--184},
        year={1972},
        publisher={Elsevier}
    }
    % frenel integrals
    @ARTICLE{41470,
        author={Barsky, B.A. and DeRose, T.D.},
        journal={IEEE Computer Graphics and Applications},
        title={Geometric continuity of parametric curves: three equivalent characterizations},
        year={1989},
        volume={9},
        number={6},
        pages={60-69},
        doi={10.1109/38.41470}
    }
    %clothoid approximation 6646277,7962257,4543548
    @INPROCEEDINGS{4543548,
        author={Montes, Nicolas and Herraez, Alvaro and Armesto, Leopoldo and Tornero, Josep},
        booktitle={2008 IEEE International Conference on Robotics and Automation},
        title={Real-time clothoid approximation by Rational Bezier curves},
        year={2008},
        volume={},
        number={},
        pages={2246-2251},
        doi={10.1109/ROBOT.2008.4543548}
    }
    %pyclothoids library and Bertolazzi papers: https://doi.org/10.1002/mma.3114, BERTOLAZZI201899,
    %https://doi.org/10.1002/mma.4700, doi:10.1137/18M1200439
    @misc{pyclothoids,
        author = {Schmitz, Johannes and phillipd94},
        title = {{pyclothoids}},
        howpublished = "\url{https://github.com/phillipd94/pyclothoids}",
        year = {2020},
        note = "[Online; accessed 2022]"
    }
    @article{https://doi.org/10.1002/mma.3114,
        author = {Bertolazzi, Enrico and Frego, Marco},
        title = {G1 fitting with clothoids},
        journal = {Mathematical Methods in the Applied Sciences},
        volume = {38},
        number = {5},
        pages = {881-897},
        keywords = {clothoid, Fresnel integrals, Hermite G1 interpolation},
        doi = {https://doi.org/10.1002/mma.3114},
        url = {https://onlinelibrary.wiley.com/doi/abs/10.1002/mma.3114},
        eprint = {https://onlinelibrary.wiley.com/doi/pdf/10.1002/mma.3114},
        year = {2015}
    }
    @article{BERTOLAZZI201899,
        title = {On the G2 Hermite Interpolation Problem with clothoids},
        journal = {Journal of Computational and Applied Mathematics},
        volume = {341},
        pages = {99-116},
        year = {2018},
        issn = {0377-0427},
        doi = {https://doi.org/10.1016/j.cam.2018.03.029},
        url = {https://www.sciencedirect.com/science/article/pii/S0377042718301924},
        author = {Enrico Bertolazzi and Marco Frego},
        keywords = {Clothoid, Euler spiral, Cornu spiral,
                        interpolation, Fitting},
    }
    @article{https://doi.org/10.1002/mma.4700,
        author = {Bertolazzi, Enrico and Frego, Marco},
        title = {Interpolating clothoid splines with curvature continuity},
        journal = {Mathematical Methods in the Applied Sciences},
        volume = {41},
        number = {4},
        pages = {1723-1737},
        keywords = {clothoid, fresnel integrals, splines},
        doi = {https://doi.org/10.1002/mma.4700},
        url = {https://onlinelibrary.wiley.com/doi/abs/10.1002/mma.4700},
        eprint = {https://onlinelibrary.wiley.com/doi/pdf/10.1002/mma.4700},
        year = {2018}
    }
    @article{doi:10.1137/18M1200439,
        author = {Frego, Marco and Bertolazzi, Enrico},
        title = {Point-Clothoid Distance and Projection Computation},
        journal = {SIAM Journal on Scientific Computing},
        volume = {41},
        number = {5},
        pages = {A3326-A3353},
        year = {2019},
        doi = {10.1137/18M1200439},
        URL = {https://doi.org/10.1137/18M1200439},
        eprint = {https://doi.org/10.1137/18M1200439}
    }
    %Dijkstra algoritmm
    @article{dijkstra1959note,
        title={A note on two problems in connexion with graphs},
        author={Dijkstra, Edsger W},
        journal={Numerische mathematik},
        volume={1},
        number={1},
        pages={269--271},
        year={1959},
        publisher={Springer}
    }


